@misc{scikit,
  title = {\texttt{scikit-learn}, {Machine Learning in Python}},
  url = {http://scikit-learn.org/stable/index.html},
  note = {Accessed: 2018-11-16}
}

@misc{time,
  title = {\texttt{time}, {Time access and conversions Python 3}},
  url = {https://docs.python.org/3/library/time.html},
  note = {Accessed: 2018-11-16}
}

@misc{perc,
  title = {{Neural Networks and Deep Learning}, {Determination Press}},
  author= {Michael Nielsen},
  year = {2015}
}

@misc{ORL,
  title = {\texttt{ORL Database}, {AT\&T Laboratory Cambridge}},
  url = { https://www.cl.cam.ac.uk/research/dtg/attarchive/facedatabase.html },
  note =  {Accessed: 2018-11-16}
}

@misc{MNIST,
  title = {\texttt{MNIST Database}, {Courant Institute, NYU}},
  url = { http://yann.lecun.com/exdb/mnist/ },
  note = { Accessed: 2018-11-16 }
}

@misc{COCO,
  title = {\texttt{COCO Database}, {COCO Consortium}},
  url = {http://cocodataset.org/#home},
  note = { Accessed: 2018-12-8}
}

@misc{NCC,
  title = {Nearest Centroid Classifier, {Wikipedia}},
  url = {https://en.wikipedia.org/wiki/Nearest_centroid_classifier},
  note = {Accessed: 2018-11-16}
}

@misc{AIML,
 author = {Alexandros Iosifidis},
 title = {Course notes: Introduction to Machine Learning},
 year = {2017},
 howpublished = {Blackboard},
}

@misc{KNNC,
  title = {K-Nearest Neighbor Classifier, {Wikipedia}},
  url = {https://en.wikipedia.org/wiki/K-nearest_neighbors_algorithm},
  note = {Accessed: 2018-11-16}
}

@misc{KMC,
  title = {K-Means Clustering, {Wikipedia}},
  url = {https://en.wikipedia.org/wiki/K-means_clustering},
  note = {Accessed: 2018-11-16}
}

@misc{PBP,
  title = {Perceptron using Back-propagation, {University of Sydney}},
  author = {Anthony J. Papagelis and Dong Soo Kim},
  url = {https://www.cse.unsw.edu.au/~cs9417ml/MLP2/},
  note = {Accessed: 2018-11-16}
}

@article{UN,
  title = {Transforming our world : the 2030 Agenda for Sustainable Development },
  journal = { UN General Assembly },
  published = { 21 October 2015 },
  howpublished = {https://www.refworld.org/docid/57b6e3e44.html },
  note = { Accessed: 8 April 2019 }
}

@misc{meissner, 
  title={DETECT}, 
  url={https://www.syke.fi/en-US/Research__Development/Research_and_development_projects/Projects/DETECT}, 
  journal={Finnish Environment Institute}, 
  author={Meissner, Kristian}
}

@inproceedings{Krizhevsky:2012,
 author = {Krizhevsky, Alex and Sutskever, Ilya and Hinton, Geoffrey E.},
 title = {ImageNet Classification with Deep Convolutional Neural Networks},
 booktitle = {Proceedings of the 25th International Conference on Neural Information Processing Systems - Volume 1},
 series = {NIPS'12},
 year = {2012},
 location = {Lake Tahoe, Nevada},
 pages = {1097--1105},
 numpages = {9},
 url = {http://dl.acm.org/citation.cfm?id=2999134.2999257},
 acmid = {2999257},
 publisher = {Curran Associates Inc.},
 address = {USA},
} 

@inproceedings{inception,
  author = {Szegedy, Christian and Vanhoucke, Vincent and Ioffe, Sergey and Shlens, Jon and Wojna, ZB},
  year = {2016},
  month = {06},
  pages = {},
  title = {Rethinking the Inception Architecture for Computer Vision},
  doi = {10.1109/CVPR.2016.308}
}
